@article{pinocchio,
  author = {Parno and Howell and Gentry and Raykova},
  title = {Pinocchio: Nearly Practical Verifiable Computation},
  year = {2013},
  url = {https://eprint.iacr.org/2013/279.pdf}
}

@article{sonic,
  author = {Maller and Kohlweiss and Bowe and Meiklejohn},
  title = {Sonic: Zero-Knowledge SNARKs from Linear-Size Universal and
Updatable Structured Reference Strings},
  year = {2019},
  url = {https://eprint.iacr.org/2019/099.pdf}
}

@article{bulletproof,
  author = {Benedikt, Bunz and Jonathan, Bootle and Dan, Boneh and Andrew, Poelstra},
  title = {Bulletproofs: Short Proofs for Confidential Transactions and More},
  year = {2017},
  url = {https://eprint.iacr.org/2017/1066.pdf}
}

@book{modern_crypto,
  author = {Bellare and Rogaway},
  title = {Introduction to Modern Cryptography},
  year = {2005},
  url = {https://web.cs.ucdavis.edu/~rogaway/classes/227/spring05/book/main.pdf}
}

@article{micali,
  author = {Shafi, Goldwass and Silvio, Micali and Charles, Rackof}, 
  title = {The Knowledge Complexity of Interactive Proof-System},
  year = {1985},
  url = {https://dl.acm.org/doi/epdf/10.1145/22145.22178},
}

@article{ipeqpspace,
  author = {Jonathan, Katz},
  title = {Notes on Complexity Theory, Lecture 19},
  year = {2011},
  url = {https://www.cs.umd.edu/~jkatz/complexity/f11/lecture19.pdf}
}

@article{cse200,
  author = {Shachar, Lovett},
  title = {CSE200: Complexity theory Interactive proofs},
  year = {2020},
  url = {https://cseweb.ucsd.edu/classes/wi20/cse200-a/notes/9-interactive\%20proofs.pdf}
}